@misc{website:Groth16,
  title = {On the Size of Pairing-based Non-interactive Arguments},
  url   = {https://eprint.iacr.org/2016/260.pdf}
}

@misc{website:On-proving-pairing,
  title = {On Proving Pairings},
  url   = {https://eprint.iacr.org/2024/640.pdf}
}

@misc{website:transaction-size,
  title = {Transaction size},
  url   = {https://learnmeabitcoin.com/technical/transaction/size/}
}

@misc{website:transaction-constructure,
  title = {Transaction constructure},
  url   = {https://learnmeabitcoin.com/technical/transaction/}
}
